<?xml version="1.0" encoding="utf-8"?>
<record xmlns="http://www.loc.gov/MARC21/slim" xmlns:xsi="http://www.w3.org/2001/XMLSchema-instance" xsi:schemaLocation="http://www.loc.gov/MARC21/slim http://www.loc.gov/standards/marcxml/schema/MARC21slim.xsd">
	<leader>     nam a22     Mi 4500</leader>
	<controlfield tag="001">b1303859x</controlfield>
	<controlfield tag="003">UaCaAUL</controlfield>
	<controlfield tag="006">m        d        </controlfield>
	<controlfield tag="007">cr cn |||m|||a</controlfield>
	<controlfield tag="008">191028s1930    ua      o     000 0 ara d</controlfield>
	<datafield ind1=" " ind2=" " tag="040">
		<subfield code="a">ZYU</subfield>
		<subfield code="b">ara</subfield>
		<subfield code="e">rda</subfield>
		<subfield code="c">ZYU</subfield>
	</datafield>
	<datafield ind1=" " ind2="4" tag="050">
		<subfield code="a">PJ6025</subfield>
		<subfield code="b">.I25x 1930</subfield>
	</datafield>
	<datafield ind1="1" ind2=" " tag="100">
		<subfield code="6">880-01</subfield>
		<subfield code="a">Ibn al-Shajarī, Hibat Allāh ibn ʻAlī,</subfield>
		<subfield code="d">1058 or 1059-1147 or 1148.</subfield>
	</datafield>
	<datafield ind1="1" ind2="0" tag="245">
		<subfield code="6">880-02</subfield>
		<subfield code="a">Amālī Ibn al-Shajarī fī ādāb al-lughah al-ʻarabīyah /</subfield>
		<subfield code="c">lil-imām al-ʻallāmah al-sayyid al-sharīf Hibat Allāh Ibn ʻAlī ibn Muḥammad ibn Ḥamzah al-ʻAlawī al-Ḥasanī Abū al-Saʻādāt al-maʻrūf bi-Ibn al-Shajarī, al-mutawaffá bi-Baghdād sanat 542 Hijrīyah ; ʻunya bi-nashrihi wa-taṣḥīḥihi wa-ḍabṭihi faḍīlat al-ustādh Muṣṭafá Muḥammad ʻAbd al-Khāliq, min ʻulamāʼ al-Azhar al-sharīf wa-shurakāʼuh.</subfield>
	</datafield>
	<datafield ind1=" " ind2=" " tag="250">
		<subfield code="6">880-03</subfield>
		<subfield code="a">al-Ṭabʻah al-ūlá.</subfield>
	</datafield>
	<datafield ind1=" " ind2="1" tag="264">
		<subfield code="6">880-04</subfield>
		<subfield code="a">al-Fajjālah :</subfield>
		<subfield code="b">Maṭbaʻat al-Amānah bi-shāriʻ al-Fajjālah,</subfield>
		<subfield code="c">1930.</subfield>
	</datafield>
	<datafield ind1=" " ind2=" " tag="300">
		<subfield code="a">online resource (2 volumes)</subfield>
	</datafield>
	<datafield ind1=" " ind2=" " tag="336">
		<subfield code="a">text</subfield>
		<subfield code="2">rdacontent</subfield>
	</datafield>
	<datafield ind1=" " ind2=" " tag="337">
		<subfield code="a">computer</subfield>
		<subfield code="2">rdamedia</subfield>
	</datafield>
	<datafield ind1=" " ind2=" " tag="338">
		<subfield code="a">online resource</subfield>
		<subfield code="2">rdacarrier</subfield>
	</datafield>
	<datafield ind1=" " ind2=" " tag="500">
		<subfield code="a">Part of the Arabic Collections Online (ACO) project, contributed by American University in Cairo Library.</subfield>
	</datafield>
	<datafield ind1=" " ind2=" " tag="500">
		<subfield code="6">880-05</subfield>
		<subfield code="a">Ḥuqūq al-ṭabʻ maḥfūẓah wa-man ijtaraʼa ʻalá ṭabʻihi yuḥākam qānūnan.</subfield>
	</datafield>
	<datafield ind1=" " ind2=" " tag="500">
		<subfield code="6">880-06</subfield>
		<subfield code="a">Yuṭlabu min al-shaykh ʻAṭīyah ʻAbd al-Ḥafīẓ Saʻd bi-al-Azhar wa-min al-makātib al-shahīrah bi-Miṣr wa-al-khārij.</subfield>
	</datafield>
	<datafield ind1=" " ind2=" " tag="533">
		<subfield code="a">Electronic reproduction.</subfield>
		<subfield code="b">New York, N.Y. :</subfield>
		<subfield code="c">New York University,</subfield>
		<subfield code="d">2019.</subfield>
		<subfield code="5">NNU</subfield>
	</datafield>
	<datafield ind1=" " ind2="0" tag="650">
		<subfield code="a">Arabic language</subfield>
		<subfield code="x">Grammar.</subfield>
	</datafield>
	<datafield ind1=" " ind2="0" tag="650">
		<subfield code="a">Arabic philology.</subfield>
	</datafield>
	<datafield ind1=" " ind2="7" tag="650">
		<subfield code="a">Arabic language</subfield>
		<subfield code="x">Grammar.</subfield>
		<subfield code="2">fast</subfield>
		<subfield code="0">(OCoLC)fst00812341</subfield>
	</datafield>
	<datafield ind1=" " ind2="7" tag="650">
		<subfield code="a">Arabic philology.</subfield>
		<subfield code="2">fast</subfield>
		<subfield code="0">(OCoLC)fst00812526</subfield>
	</datafield>
	<datafield ind1="2" ind2=" " tag="710">
		<subfield code="a">American University in Cairo.</subfield>
		<subfield code="b">Library.</subfield>
	</datafield>
	<datafield ind1="0" ind2=" " tag="730">
		<subfield code="a">Arabic Collections Online.</subfield>
	</datafield>
	<datafield ind1="0" ind2="8" tag="776">
		<subfield code="i">Online version:</subfield>
		<subfield code="a">Ibn al-Shajarī, Hibat Allāh ibn ʻAlī, 1058 or 9-1147 or 8.</subfield>
		<subfield code="t">Amālī Ibn al-Shajarī fī ādāb al-lughah al-ʻarabīyah.</subfield>
		<subfield code="b">al-Ṭabʻah 1.</subfield>
		<subfield code="d">[Cairo] : Maṭbaʻat al-Amānah, 1930</subfield>
		<subfield code="w">(OCoLC)584091215</subfield>
	</datafield>
	<datafield ind1="0" ind2="8" tag="776">
		<subfield code="i">Print version:</subfield>
		<subfield code="a">Ibn al-Shajarī, Hibat Allāh ibn ʻAlī, 1058 or 1059-1147 or 1148.</subfield>
		<subfield code="t">Amālī Ibn al-Shajarī fī ādāb al-lughah al-ʻarabīyah</subfield>
		<subfield code="w">(UaCaAUL)b1303859x</subfield>
		<subfield code="w">(OCoLC)60507119</subfield>
	</datafield>
	<datafield ind1="4" ind2="0" tag="856">
		<subfield code="u">http://hdl.handle.net/2333.1/j3tx9fv7</subfield>
	</datafield>
	<datafield ind1="1" ind2=" " tag="880">
		<subfield code="6">100-01</subfield>
		<subfield code="a">ابن الشجري، هبة الله بن علي،</subfield>
		<subfield code="d">8 or 1147-9 or 1058.</subfield>
	</datafield>
	<datafield ind1="1" ind2="0" tag="880">
		<subfield code="6">245-02</subfield>
		<subfield code="a">امالي بن الشجري في آداب اللغة العربية /</subfield>
		<subfield code="c">للامام العلامة السيد الشريف هبة الله بن علي بن محمد بن حمزة العلوي الحسني أبو السعادات المعروف بابن الشجري، المتوفى ببغداد سنة 542 هجرية ؛ عني بنشره وتصحيحه وضبطه فضيلة الاستاذ مصطفى محمد عبد الخالق، من علماء الازهر الشريف وشركاؤه.</subfield>
	</datafield>
	<datafield ind1=" " ind2=" " tag="880">
		<subfield code="6">250-03</subfield>
		<subfield code="a">الطبعة الأولى.</subfield>
	</datafield>
	<datafield ind1=" " ind2="1" tag="880">
		<subfield code="6">264-04</subfield>
		<subfield code="a">الفجالة :</subfield>
		<subfield code="b">مطبعة الأمانة بشارع الفجالة،</subfield>
		<subfield code="c">1930.</subfield>
	</datafield>
	<datafield ind1=" " ind2=" " tag="880">
		<subfield code="6">500-05</subfield>
		<subfield code="a">حقوق الطبع محفوظة ومن اجترأ على طبعه يحاكم قانونا.</subfield>
	</datafield>
	<datafield ind1=" " ind2=" " tag="880">
		<subfield code="6">500-06</subfield>
		<subfield code="a">يطلب من الشيخ عطية عبد الحفيظ سعد بالأزر ومن المكاتب الشهيرة بمصر والخارج.</subfield>
	</datafield>
	<datafield ind1=" " ind2=" " tag="959">
		<subfield code="a">NNU</subfield>
		<subfield code="b">WEB</subfield>
		<subfield code="c">GENI</subfield>
		<subfield code="t">0</subfield>
		<subfield code="m">Electronic access</subfield>
		<subfield code="s">01</subfield>
	</datafield>
	<datafield ind1=" " ind2=" " tag="999">
		<subfield code="i">UaCaAUL_b1303859x</subfield>
		<subfield code="o">(OCoLC)ocm60507119</subfield>
		<subfield code="s">auc_aco000914:v.1</subfield>
		<subfield code="s">auc_aco000914:v.1</subfield>
	</datafield>
</record>
